
@book{dirac,
    title = {The Principles of Quantum Mechanics},
    author = {Paul Adrien Maurice Dirac},
    isbn = {9780198520115},
    series = {International series of monographs on physics},
    year = {1981},
    publisher = {Clarendon Press},
    keywords = {physics}
}

@online{knuthwebsite,
    author = "Donald Knuth",
    title = "Knuth: Computers and Typesetting",
    url  = "http://www-cs-faculty.stanford.edu/~uno/abcde.html",
    addendum = "(accessed: 01.09.2016)",
    keywords = "latex,knuth"
}

@inbook{knuth-fa,
    author = "Donald E. Knuth",
    title = "Fundamental Algorithms",
    publisher = "Addison-Wesley",
    year = "1973",
    chapter = "1.2",
    keywords  = "knuth,programming"
}

@article{Imran_Aamer_Sharif_Bodla_Naveed_2020, 
    title={Psychological burden of quarantine in children and adolescents: A rapid systematic review and proposed solutions}, 
    volume={36}, 
    DOI={10.12669/pjms.36.5.3088}, 
    number={5}, 
    journal={Pakistan Journal of Medical Sciences}, 
    author={Imran, Nazish and Aamer, Irum and Sharif, Muhammad Imran and Bodla, Zubair Hassan and Naveed, Sadiq}, 
    year={2020}, 
} 


@article{garfield2006history,
  title={The history and meaning of the journal impact factor},
  author={Garfield, Eugene},
  journal={jama},
  volume={295},
  number={1},
  pages={90--93},
  year={2006},
  publisher={American Medical Association}
}


@misc{gillis_2020_fat,
  author = {Gillis, Alexander S.},
  title = {What is a Thick Client (Fat Client)? - Definition from WhatIs.com},
  year = {2020},
  howpublished = {\url{https://www.techtarget.com/whatis/definition/fat-client-thick-client}},
  note = {Accessed: 2024-03-17}
}


@misc{carnes2021uml,
  author = {Beau Carnes},
  title = {UML Diagram Course – How to Design Databases and Systems},
  year = {2021},
  howpublished = {\url{https://www.freecodecamp.org/news/uml-diagrams-full-course/}},
  organization = {freeCodeCamp},
  month = apr,
  day = {22},
  note = {Includes embedded YouTube video content}
}

@misc{laoyan2024agile,
  author = {Sarah Laoyan},
  title = {What Is Agile Methodology? (A Beginner’s Guide)},
  year = {2024},
  howpublished = {\url{https://asana.com/resources/agile-methodology}},
  month = feb,
  day = {2},

}


@misc{ocr2019furthermaths,
  title = {{A Level Further Mathematics A Formulae Booklet}},
  author = {{OCR}},
  year = {2019},
  howpublished = {\url{https://www.ocr.org.uk/Images/308765-a-level-further-mathematics-a-formulae-booklet.pdf}},

}


@misc{iso_week_date_wikipedia,
  title = {ISO week date},
  url = {https://en.wikipedia.org/wiki/ISO_week_date},
  howpublished = {\url{https://en.wikipedia.org/wiki/ISO_week_date}},
}


@misc{geekific2022timsort,
  author = {Geekific},
  title = {TimSort Explained and Implemented with Examples in Java | Tim Sort | Sorting Algorithms},
  year = {2022},
  howpublished = {\url{https://www.youtube.com/watch?v=GhP5WbE4GYo}},
}

@misc{DjangoDocumentation,
  author = {{Django Software Foundation}},
  title = {Django Documentation},
  year = {2024},
  url = {https://docs.djangoproject.com/}
}

@misc{DjangoRESTFramework,
  author = {},
  title = {Django REST Framework},
  year = {2024},
  url = {https://www.django-rest-framework.org/}
}

@misc{PythonDocumentation,
  author = {},
  title = {Python Documentation},
  year = {2024},
  url = {https://docs.python.org/3/}
}

@misc{JavaScriptDocumentation,
  author = {},
  title = {JavaScript | MDN},
  year = {2024},
  url = {https://developer.mozilla.org/en-US/docs/Web/JavaScript}
}

@misc{TypeScriptDocumentation,
  author = {},
  title = {TypeScript Documentation},
  year = {2024},
  url = {https://www.typescriptlang.org/docs/}
}

@misc{ReactDocumentation,
  author = {},
  title = {React - A JavaScript library for building user interfaces},
  year = {2024},
  url = {https://reactjs.org/docs/}
}
